%YAML 1.1
%TAG !u! tag:unity3d.com,2011:
--- !u!1001 &100100000
Prefab:
  m_ObjectHideFlags: 1
  serializedVersion: 2
  m_Modification:
    m_TransformParent: {fileID: 0}
    m_Modifications: []
    m_RemovedComponents: []
  m_SourcePrefab: {fileID: 0}
  m_RootGameObject: {fileID: 1603757981621076}
  m_IsPrefabAsset: 1
--- !u!1 &1603757981621076
GameObject:
  m_ObjectHideFlags: 0
  m_CorrespondingSourceObject: {fileID: 0}
  m_PrefabInternal: {fileID: 100100000}
  serializedVersion: 6
  m_Component:
  - component: {fileID: 4275230538689878}
  - component: {fileID: 114840131594327212}
  - component: {fileID: 114980141309355020}
  m_Layer: 0
  m_Name: Urban Wordz manager
  m_TagString: Untagged
  m_Icon: {fileID: 0}
  m_NavMeshLayer: 0
  m_StaticEditorFlags: 0
  m_IsActive: 1
--- !u!4 &4275230538689878
Transform:
  m_ObjectHideFlags: 1
  m_CorrespondingSourceObject: {fileID: 0}
  m_PrefabInternal: {fileID: 100100000}
  m_GameObject: {fileID: 1603757981621076}
  m_LocalRotation: {x: 0, y: 0, z: 0, w: 1}
  m_LocalPosition: {x: 956.35254, y: 627.7685, z: -9.25}
  m_LocalScale: {x: 1, y: 1, z: 1}
  m_Children: []
  m_Father: {fileID: 0}
  m_RootOrder: 0
  m_LocalEulerAnglesHint: {x: 0, y: 0, z: 0}
--- !u!114 &114840131594327212
MonoBehaviour:
  m_ObjectHideFlags: 1
  m_CorrespondingSourceObject: {fileID: 0}
  m_PrefabInternal: {fileID: 100100000}
  m_GameObject: {fileID: 1603757981621076}
  m_Enabled: 1
  m_EditorHideFlags: 0
  m_Script: {fileID: 11500000, guid: 9cac9629648e083459219386486ef1b6, type: 3}
  m_Name: 
  m_EditorClassIdentifier: 
  WordDescription: {fileID: 0}
  WordPositions:
  - {fileID: 0}
  - {fileID: 0}
  - {fileID: 0}
  - {fileID: 0}
  Words:
  - SelectedWord: Lit
    WordDescription: When something is turned up or popping ...
    HerringWord1: Crunk
    HerringWord2: Blitzed
    HerringWord3: Ripped
    WordCategory: 0
  - SelectedWord: Assclown
    WordDescription: One, who, through the fault of his parents conception, is a skid
      mark in society's collective underwear.
    HerringWord1: Asshat
    HerringWord2: Jackass
    HerringWord3: Tool
    WordCategory: 0
  - SelectedWord: Homoblivious
    WordDescription: Not having the ability to recognize homosexuals as homosexuals
    HerringWord1: Gaydar
    HerringWord2: Queeritating
    HerringWord3: Aken
    WordCategory: 0
  - SelectedWord: On the down low
    WordDescription: An expression for a BISEXUAL black man (who 'thinks'  he's straight
      - hah!, married or with a girlfriend,  having sexual relations with another
      man.
    HerringWord1: Closeted
    HerringWord2: Low profile
    HerringWord3: Low key
    WordCategory: 0
  - SelectedWord: Glomp
    WordDescription: It is the action of one person lovingly (and dramatically  attacking
      another with a hug.
    HerringWord1: Tackle
    HerringWord2: Huggle
    HerringWord3: Snuggle
    WordCategory: 0
  - SelectedWord: Gleeks
    WordDescription: Fans of the TV show, Glee
    HerringWord1: Darren Criss
    HerringWord2: Glee Club
    HerringWord3: Klaine
    WordCategory: 0
  - SelectedWord: Huggle
    WordDescription: A hug from a person who stands behind another person and wraps
      his/her arms around the person in front.
    HerringWord1: Snuggle
    HerringWord2: Nuzzle
    HerringWord3: Glomp
    WordCategory: 0
  - SelectedWord: Giftcrack
    WordDescription: The gap in wrapping paper or uncovered portion of a gift usually
      found on the bottom of the box. May result from the gift wrapper running out
      of paper or cutting gift wrap too small to cover the entire package.
    HerringWord1: Coinslot
    HerringWord2: Crackage
    HerringWord3: Penny-pincher
    WordCategory: 0
  - SelectedWord: Dank
    WordDescription: An expression requently used by stoners and hippies for something
      of high quality.
    HerringWord1: Kush
    HerringWord2: Dope
    HerringWord3: Sweet
    WordCategory: 0
  - SelectedWord: Ratchet
    WordDescription: A diva, mostly from urban cities and ghettos, that has reason
      to believe she is every mans eye candy. Unfortunately, she's wrong.
    HerringWord1: Ghetto
    HerringWord2: Hoe
    HerringWord3: Thot
    WordCategory: 0
  - SelectedWord: Rickroll
    WordDescription: To post a misleading link with a subject that promises to be
      exciting or interesting.
    HerringWord1: Astley
    HerringWord2: Duckroll
    HerringWord3: Leadon
    WordCategory: 0
  - SelectedWord: Dirty Sanchez
    WordDescription: When a man and a woman engage in anal sex, then the man takes
      his penis and rubs it on the girls upper lip leaving a moustache
    HerringWord1: Cleveland Steamer
    HerringWord2: Rusty Trombone
    HerringWord3: Blumpkin
    WordCategory: 1
  - SelectedWord: Cleveland Steamer
    WordDescription: A sexual act where one person craps on another person's chest
      and (very important then sits down and rocks back and forth like a steam roller.
    HerringWord1: Dirty Sanchez
    HerringWord2: Rusty Trombone
    HerringWord3: Blumpkin
    WordCategory: 1
  - SelectedWord: Rusty Trombone
    WordDescription: To get rimmed whilst recieving a hearty reach round, thus resembling
      a trombone player in full chorus.
    HerringWord1: Dirty Sanchez
    HerringWord2: Cleveland Steamer
    HerringWord3: Blumpkin
    WordCategory: 1
  - SelectedWord: Blumpkin
    WordDescription: The delicately balanced art of getting your cock sucked while
      taking a dump.
    HerringWord1: Dirty Sanchez
    HerringWord2: Rusty Trombone
    HerringWord3: Cleveland Steamer
    WordCategory: 1
  - SelectedWord: Drew
    WordDescription: Generally a smart, caring, intelligent, slightly sarcastic guy.
      Also, very handsome and charming. Ass-hole tendenciesare sporatic, but infrequent.
    HerringWord1: Bieber
    HerringWord2: Ben
    HerringWord3: Douche
    WordCategory: 4
  - SelectedWord: Dingleberry
    WordDescription: A delinquent partial turd which grasps anal shrubery causing
      brownish crust to accumulate in ones boxers.
    HerringWord1: Shitberry
    HerringWord2: Ballbery
    HerringWord3: Buttbomb
    WordCategory: 0
  - SelectedWord: Cartossin
    WordDescription: The act of giving up on both physical and mental growth.
    HerringWord1: Growth hurt
    HerringWord2: Wally
    HerringWord3: Fasting
    WordCategory: 0
  - SelectedWord: Clapstain
    WordDescription: Derogatory term implying trashiness, lower-class status, poor
      hygiene, and total worthlessness. May also imply promiscuity, but not necessarily.
      Can apply to any race and gender.
    HerringWord1: Dirty
    HerringWord2: Skeeze
    HerringWord3: Skank
    WordCategory: 0
  - SelectedWord: Crop Dusting
    WordDescription: Walking while farting.
    HerringWord1: Dutchoven
    HerringWord2: Fartline
    HerringWord3: Sharting
    WordCategory: 0
  - SelectedWord: Charlotte
    WordDescription: Girl who is known for being beautiful both inside and out. Usually
      on the shy side, they can come off as boring. However, once she opens up, she
      is charming, kind, intelligent and funny. Usually have great smiles.
    HerringWord1: Steph
    HerringWord2: Charles
    HerringWord3: Anne
    WordCategory: 4
  - SelectedWord: Cellfish
    WordDescription: An individual who talks on his or her cell phone even when doing
      so is rude or inconsiderate of other people.
    HerringWord1: Phoney
    HerringWord2: Cellfun
    HerringWord3: Celldouche
    WordCategory: 0
  - SelectedWord: Cheat Chain
    WordDescription: When one kid copies answers from a smart kid in class, then another
      kid copies from him/her, and the someone copies off the kid who copied off the
      kid who copied from the smart kid, etc.
    HerringWord1: Desklink
    HerringWord2: Pyramid scheme
    HerringWord3: Anwer line
    WordCategory: 0
  - SelectedWord: Emergenturd
    WordDescription: A poop that comes on so suddenly that one fears they may not
      be able to make it to the toilet.
    HerringWord1: Turd Harvey
    HerringWord2: Pooptoon
    HerringWord3: Dumpyard trail
    WordCategory: 0
  - SelectedWord: Eaud'ouche
    WordDescription: The obnoxious, headache-inducing cologne cloud that surrounds
      a beefy, tight-Armani-shirt wearing dude.
    HerringWord1: Tightfume
    HerringWord2: Beefume
    HerringWord3: Musmell
    WordCategory: 0
  - SelectedWord: Email Tennis
    WordDescription: A seemingly endless interchange of emails without any useful
      outcome.
    HerringWord1: eVolley
    HerringWord2: Email diarrhea
    HerringWord3: Emailested
    WordCategory: 0
  - SelectedWord: Electile Dysfuntion
    WordDescription: The inability to become aroused over any of the choices for President
      put forth by either party during an election year.
    HerringWord1: Politispation
    HerringWord2: Clinton
    HerringWord3: Vote hernia
    WordCategory: 0
  - SelectedWord: Fluffer
    WordDescription: A person in the adult entertainment industry whose job it is
      to give male porno stars blowjobs in order to get them ready to perform.
    HerringWord1: Vacuum cleaner
    HerringWord2: Blowner
    HerringWord3: Slucker
    WordCategory: 1
  - SelectedWord: Fudge Packer
    WordDescription: Someone who indulges in anal sex.
    HerringWord1: Brownie cook
    HerringWord2: Mud sculptor
    HerringWord3: Turd burglar
    WordCategory: 1
  - SelectedWord: Flake
    WordDescription: An unreliable person; someone who agrees to do something, but
      never follows through.
    HerringWord1: John
    HerringWord2: Dandruff
    HerringWord3: Ditch
    WordCategory: 0
  - SelectedWord: Fling cleaning
    WordDescription: When a friends cleans theit room solely because they thinks they
      might be getting laid that night.
    HerringWord1: Hoover laid
    HerringWord2: Clean screen
    HerringWord3: Sex sweep
    WordCategory: 0
  - SelectedWord: Guido
    WordDescription: A sad pathetic excuse for a male; not necessarily of Italian
      descent, but most likely.
    HerringWord1: Douche
    HerringWord2: Chop
    HerringWord3: Jershey Shorehole
    WordCategory: 0
  - SelectedWord: Glifnard
    WordDescription: Someone who is a lame person. Often viewed as useless.
    HerringWord1: Oxygen Thief
    HerringWord2: Retard
    HerringWord3: Tubgirl
    WordCategory: 0
  - SelectedWord: Gravediggn
    WordDescription: Trying to have sex with an older person.
    HerringWord1: Cougar hunting
    HerringWord2: Tomb raiding
    HerringWord3: Excavating
    WordCategory: 1
  - SelectedWord: Glen Coco
    WordDescription: A teenage boy who either has many friends or has a very deep
      relationship with himself. He recieved  mysterious candy canes during the holiday
      season and has yet to inform us all who they are from.
    HerringWord1: Fey
    HerringWord2: Joe
    HerringWord3: Glen
    WordCategory: 0
  - SelectedWord: Firecrotch
    WordDescription: A unique pubic area of red hair. This uniqueness allows them
      to occasional be excused from the shaving ritual.
    HerringWord1: Carrot Top
    HerringWord2: Redbot
    HerringWord3: Vagina fire
    WordCategory: 0
  - SelectedWord: Hiberdater
    WordDescription: Someone who ignores all their other friends when they are dating
      a boyfriend/girlfriend
    HerringWord1: Igwhore
    HerringWord2: Friendfoget
    HerringWord3: Pantry
    WordCategory: 0
  - SelectedWord: Holla
    WordDescription: 'A word used to acknowledge the presence of a fellow companion.
      For a man to express interest in a particularly impressive female specimen '
    HerringWord1: Yo
    HerringWord2: Sup
    HerringWord3: Later
    WordCategory: 0
  - SelectedWord: Honeydude
    WordDescription: Like a sugar daddy without the age gap.
    HerringWord1: Sugarbabe
    HerringWord2: Sweetbae
    HerringWord3: Bae
    WordCategory: 0
  - SelectedWord: Happy trail
    WordDescription: A path of pubic hair that usually starts at the belly button
      and ends in your pubes, it is really sexy on guys.
    HerringWord1: Landing strip
    HerringWord2: Hochi minh trail
    HerringWord3: Highway to Heavan
    WordCategory: 0
  - SelectedWord: Intaxication
    WordDescription: Euphoria at getting a tax refund, which lasts until you realize
      it was your money to start with.
    HerringWord1: Obamania
    HerringWord2: Cash-high
    HerringWord3: Moneysomnia
    WordCategory: 0
  - SelectedWord: Ish
    WordDescription: Slang term often used to replace 'shit'. Used by rap songs so
      songs could be played on radio/TV.
    HerringWord1: Like
    HerringWord2: Crap
    HerringWord3: Stuff
    WordCategory: 0
  - SelectedWord: Ignant
    WordDescription: The ignorant way of saying ignorant.
    HerringWord1: Dumb
    HerringWord2: Idiot
    HerringWord3: Chop
    WordCategory: 0
  - SelectedWord: I'm just sayin'
    WordDescription: A phrase that is used when someone is offended by something you
      said. This phrase then removes all the offensiveness of the previous statement,
      making it all good.
    HerringWord1: I know but.
    HerringWord2: I'm not racist but
    HerringWord3: Be cool
    WordCategory: 0
  - SelectedWord: Kind of a bigdeal
    WordDescription: A term for a person who is facetiously joking about how important/cool/awesome
      they are.
    HerringWord1: Diva
    HerringWord2: Trump
    HerringWord3: Bombed
    WordCategory: 0
  - SelectedWord: Kidcessory
    WordDescription: A child had by a celebrity just for the attention.
    HerringWord1: Madonna
    HerringWord2: Virgin Mary
    HerringWord3: Kidlet
    WordCategory: 0
  - SelectedWord: Keyboard Warrior
    WordDescription: Express their anger through the text-based medium of the internet
    HerringWord1: Troll
    HerringWord2: SJW
    HerringWord3: Facebook Knight
    WordCategory: 0
  - SelectedWord: Lesbro
    WordDescription: A man who has more friendships with lesbians than other women
      or men.
    HerringWord1: Faghag
    HerringWord2: Dutchboy
    HerringWord3: Fairyknight
    WordCategory: 0
  - SelectedWord: Leave Britney Alone!
    WordDescription: An exclamation made when your friends or family are teasing you
      to a point where you can't handle it anymore and a hissy fit is in order.
    HerringWord1: Fuck off
    HerringWord2: Panic at the disco
    HerringWord3: LIama snowflake.
    WordCategory: 4
  - SelectedWord: Masturdating
    WordDescription: Going out alone. Seeing a movie by yourself, going to a restaurant
      alone.
    HerringWord1: Dated
    HerringWord2: Masturmate
    HerringWord3: Solomance
    WordCategory: 0
  - SelectedWord: Maybe later
    WordDescription: A slightly more dick way of saying 'no fucking way'
    HerringWord1: Sure
    HerringWord2: Sometime
    HerringWord3: Not now
    WordCategory: 0
  - SelectedWord: Mistext
    WordDescription: A text message containing information (usually unflattering or
      damaging about a third party which is sent to the individual it concerns rather
      than the person for whom the communication is intended.
    HerringWord1: Dystextlia
    HerringWord2: Whatsoops
    HerringWord3: Oopstext
    WordCategory: 0
  - SelectedWord: Microwave minute
    WordDescription: When time slows down while waiting for you food to heat.
    HerringWord1: Kooked
    HerringWord2: Ticktack
    HerringWord3: Hungernundrum
    WordCategory: 0
  - SelectedWord: Mascary
    WordDescription: When a person wears a scary amount of mascara
    HerringWord1: Goth
    HerringWord2: Emo
    HerringWord3: Face Mistake
    WordCategory: 0
  - SelectedWord: albatraoz
    WordDescription: To be a strong woman, or in other words a boss ass bitch
    HerringWord1: Valkyrie
    HerringWord2: Medusa
    HerringWord3: Serena
    WordCategory: 0
  - SelectedWord: Binders full of women
    WordDescription: Where Mitt Romney gets his women from
    HerringWord1: Femme Files
    HerringWord2: X-Files
    HerringWord3: Grocery store
    WordCategory: 0
  - SelectedWord: Make it snow
    WordDescription: It is similar to "making it rain", except that instead of throwing
      dollar bills, one is so rich that they are able to throw diamonds. Diamonds
      can be substituted for a large quantity of cocaine.
    HerringWord1: Chuckaine
    HerringWord2: Cocrain
    HerringWord3: diamownpur
    WordCategory: 0
  - SelectedWord: Student Loan
    WordDescription: A mystical transaction in which a student and/or parent subjects
      themselves to financial slavery (indentured servitude) for the foreseeable future.
    HerringWord1: Capitalistithe
    HerringWord2: Starbucks
    HerringWord3: Child birth
    WordCategory: 0
  - SelectedWord: dankrupt
    WordDescription: To be out of marijuana
    HerringWord1: No parachute
    HerringWord2: Weedwhacked
    HerringWord3: Brokeed
    WordCategory: 0
  - SelectedWord: pope
    WordDescription: A holy dude with a cool hat and bullet-proof golf cart
    HerringWord1: Budha
    HerringWord2: Cowboy
    HerringWord3: Cardinal
    WordCategory: 0
  - SelectedWord: Ashley
    WordDescription: "A girl who is really sweet with others but if someone hates
      her, be careful with her, btw she dont really gonna care what others think of
      her. She is very feminine and classy, \u200B\u200Bbut not like the strawberry
      girls. "
    HerringWord1: Alice
    HerringWord2: Bella
    HerringWord3: Emily
    WordCategory: 4
  - SelectedWord: Alice
    WordDescription: She is a smart, beautiful girl who doesn't realize it, and is
      universally loved. She has a this radiating feel of power, and she will surely
      have a future. She has a show stopping chrarisma, but she can be stubborn.
    HerringWord1: Isabella
    HerringWord2: James
    HerringWord3: Bianca
    WordCategory: 4
  - SelectedWord: Ana
    WordDescription: 'This is the epitome of the perfect girl. Every moment you spend
      with her will remain etched in your memory. You will have a great day just by
      saying hello to her! '
    HerringWord1: Ashley
    HerringWord2: Charlotte
    HerringWord3: Adriana
    WordCategory: 4
  - SelectedWord: Adriana
    WordDescription: 'A drop dead gorgeous girl that is very independent. She''s unique
      and down for shit. She can be the sweetest girl you know or the biggest bitch
      in your life. Once you meet her your life will be 100 times better. '
    HerringWord1: Bella
    HerringWord2: Alice
    HerringWord3: Ashley
    WordCategory: 4
  - SelectedWord: Brandon
    WordDescription: 'One of the most amazing guys you will ever meet. He is fearless,
      and will do anything sensible, but he knows when to stop. '
    HerringWord1: Ben
    HerringWord2: Bran
    HerringWord3: Jon
    WordCategory: 4
  - SelectedWord: Ben
    WordDescription: 'A strong silent type, yet once you get to know him, the goofy
      side comes out. He is full of grace, very handsome, and gives the best hugs! '
    HerringWord1: Gimli
    HerringWord2: Jon Snow
    HerringWord3: Darth
    WordCategory: 4
  - SelectedWord: Bella
    WordDescription: 'The most amazing Pearson. She is the best friend you want and
      is always there when you need her. She is athletic,talented,and beautiful on
      the inside and out. '
    HerringWord1: Kayla
    HerringWord2: Johanna
    HerringWord3: Isabella
    WordCategory: 4
  - SelectedWord: Bianca
    WordDescription: Along with her beauty, sheis one of the best friends you'll ever
      have. She's hysterical, sarcastic and overall fun to be around.
    HerringWord1: Gaby
    HerringWord2: Diana
    HerringWord3: Emily
    WordCategory: 4
  - SelectedWord: Brian
    WordDescription: The name is of Celtic origin and means strength and honor. He
      is a very intelligent guy, who keeps his priorities straight and is extremely
      well rounded
    HerringWord1: John
    HerringWord2: Paul
    HerringWord3: Angelort
    WordCategory: 4
  - SelectedWord: Chris
    WordDescription: The hottest guy you will ever meet his abs are nothing compared
      to his hair,humor,and looks.
    HerringWord1: Daniel
    HerringWord2: Joe
    HerringWord3: Josh
    WordCategory: 4
  - SelectedWord: David
    WordDescription: 'An amazing guy with a great personality, usually a very cute
      guy, with a great smile. A perfect husband. '
    HerringWord1: Jack
    HerringWord2: Jim
    HerringWord3: Sam
    WordCategory: 4
  - SelectedWord: Emily
    WordDescription: A girl with this name can be very shy at first, but she doesn't
      show it. Once she gets to know you some, she may get a little crazy.
    HerringWord1: Kendra
    HerringWord2: Stacey
    HerringWord3: Ali
    WordCategory: 4
  - SelectedWord: Frank
    WordDescription: 'A guy who has a killer smile. Daring eyes. And the sweetest
      heart a man could ever have. His kisses hypnotize you. '
    HerringWord1: Adam
    HerringWord2: Oli
    HerringWord3: Alexander
    WordCategory: 4
  - SelectedWord: Greg
    WordDescription: 'A person who cares for all woman, he will nurture, care and
      please any woman he comes into... aslong as your over 21 '
    HerringWord1: Will
    HerringWord2: Aaron
    HerringWord3: Louis
    WordCategory: 4
  - SelectedWord: Henry
    WordDescription: THey have a troubled past and seem to daze off at random times,
      reflecting on that past.
    HerringWord1: Bob
    HerringWord2: Louis
    HerringWord3: Charles
    WordCategory: 4
  - SelectedWord: Isabella
    WordDescription: Not easily offended but depending on what you do it's not hard
      to hurt her. She's very understanding and a great person to be around.
    HerringWord1: Faiza
    HerringWord2: Hayley
    HerringWord3: Barbara
    WordCategory: 4
  - SelectedWord: James
    WordDescription: Someone who is un usually well hung. People with the name are
      generally known for their good looks (especially the eyes) and women are just
      simply attracted to them.
    HerringWord1: Ethan
    HerringWord2: Liam
    HerringWord3: Aaron
    WordCategory: 4
  - SelectedWord: Kyle
    WordDescription: One of the greatest people to know, he's old-fashioned, has good
      values, even has a pair of stunning eyes that will make you swoon for him.
    HerringWord1: Max
    HerringWord2: Mike
    HerringWord3: George
    WordCategory: 4
  - SelectedWord: Lucy
    WordDescription: A girl who you want as your friend, nobody will quite understand
      you like she does. Although she is the feeder of everyone else's happiness,
      she is at the bottom of the food chain.
    HerringWord1: Lily
    HerringWord2: Mindy
    HerringWord3: Barbara
    WordCategory: 4
  - SelectedWord: Matthew
    WordDescription: 'A guy who will make the best boyfriend/guyfriend ever. '
    HerringWord1: Adam
    HerringWord2: Will
    HerringWord3: Ryan
    WordCategory: 4
  - SelectedWord: Nicola
    WordDescription: Considered gorgeous by everyone, guys love them, girls are jealous
      of them. Smile alot and know how to make other people smile around them. Generous
      and kind.
    HerringWord1: Kaitlin
    HerringWord2: Louisa
    HerringWord3: Phoebe
    WordCategory: 4
  - SelectedWord: Oliver
    WordDescription: Olivers are gentle, loving, goofy, and adorable. They love to
      play tug of war, jump up on high beams and cuddle on cold winter nights.
    HerringWord1: Thomas
    HerringWord2: Benji
    HerringWord3: Lewis
    WordCategory: 4
  - SelectedWord: Peter
    WordDescription: A holy dude with a cool hat and bullet-proof golf cart
    HerringWord1: Alex
    HerringWord2: Harry
    HerringWord3: Callum
    WordCategory: 4
  - SelectedWord: Quinn
    WordDescription: The hottest piece of man-meat ever to exist. An intellect sharp
      as a knife, and a wit to match. They generally are always right, which bothers
      people, but they then gently explains why it's okay that he's right, which calms
      them down.
    HerringWord1: Vinny
    HerringWord2: Haris
    HerringWord3: Alan
    WordCategory: 4
  - SelectedWord: Rachel
    WordDescription: Rachel is a person that gets hurt all the time, but puts a smile
      on to cover it up. She gets stabbed in the back, pushed over her limit, gets
      left over and over but still maintains to keep her composure.
    HerringWord1: Dominique
    HerringWord2: Megan
    HerringWord3: Kendra
    WordCategory: 4
  - SelectedWord: Shawn
    WordDescription: ' A very caring guy with a great personality an a good heart,
      very loyal an knows what he wants. '
    HerringWord1: Joeseph
    HerringWord2: Guy
    HerringWord3: Pharrell
    WordCategory: 4
  - SelectedWord: Taylor
    WordDescription: They are caring and loving. They have big hearts and are usually
      extremely sensative, even if they might not show it.
    HerringWord1: Megan
    HerringWord2: Shawn
    HerringWord3: Mindy
    WordCategory: 4
  - SelectedWord: Victoria
    WordDescription: A badass girl who can and will protect the ones that are important
      to her even if she has to sacrifice herself for it.
    HerringWord1: Ellena
    HerringWord2: Stacey
    HerringWord3: Kendra
    WordCategory: 4
  - SelectedWord: Wyatt
    WordDescription: They are the man. Nuff said. A legend. A little warrior. All
      girls like him. Your jealous and your reading this. Haha. He's the man
    HerringWord1: Cameron
    HerringWord2: Jak
    HerringWord3: Noel
    WordCategory: 4
  - SelectedWord: Yvonne
    WordDescription: 'Damn, this girl is hot, intelligent, fierce and overall amazing.
      she''s a great friend so shouldn''t be messed around. '
    HerringWord1: Ashley
    HerringWord2: Emily
    HerringWord3: Bella
    WordCategory: 4
  - SelectedWord: Zach
    WordDescription: An rugged male who can be moody and very independent, but he's
      also sweet and super considerate.
    HerringWord1: Casey
    HerringWord2: Christopher
    HerringWord3: Tim
    WordCategory: 4
  - SelectedWord: Booty dust
    WordDescription: Glitter worn by strippers or prostitutes.
    HerringWord1: Glitter litter
    HerringWord2: strip glit
    HerringWord3: badonkadust
    WordCategory: 1
  - SelectedWord: piss orgasm
    WordDescription: Feeling nearly as good as an orgasm while ur pissing
    HerringWord1: pisseurkea
    HerringWord2: Orgaspissmic
    HerringWord3: Peedafeelgood
    WordCategory: 1
  - SelectedWord: Booty eye
    WordDescription: Pirate term referring to the anal sphincter.
    HerringWord1: booty plank
    HerringWord2: yo ho hole
    HerringWord3: recrum
    WordCategory: 1
  - SelectedWord: Fudgie Krinkles
    WordDescription: The foreskin on a penis caked or crusted with poop after anal
      sex.
    HerringWord1: poop glitter
    HerringWord2: Christopher
    HerringWord3: Stoolskin
    WordCategory: 1
  - SelectedWord: penis note
    WordDescription: When a penis jizzes uncontrollable.
    HerringWord1: Jizzilla
    HerringWord2: sex stroke
    HerringWord3: epilepenis
    WordCategory: 1
  - SelectedWord: bald peach
    WordDescription: the women's genitals that have been shaved
    HerringWord1: heaven's stairway
    HerringWord2: bald eagle
    HerringWord3: Deforrestation
    WordCategory: 1
  - SelectedWord: vonGugenheimenwompenhomen
    WordDescription: a fat dutch woman
    HerringWord1: Plump lassie
    HerringWord2: 'Dutch '
    HerringWord3: Dutcan
    WordCategory: 1
  - SelectedWord: Sascrotch
    WordDescription: A hairy vagina
    HerringWord1: Savannah
    HerringWord2: pinecone
    HerringWord3: Tangleweed
    WordCategory: 1
  - SelectedWord: badonkadonk
    WordDescription: An extremely big jiggly booty.
    HerringWord1: Jiggle-jesus
    HerringWord2: Buttress
    HerringWord3: Jiggly wiggly Jats
    WordCategory: 1
  - SelectedWord: Horse booty
    WordDescription: Bigger than average butt
    HerringWord1: Polar bearhind
    HerringWord2: Bootyful
    HerringWord3: Labutt
    WordCategory: 1
  - SelectedWord: orgy train
    WordDescription: When two or more men put their penises in each other forming
      a long train
    HerringWord1: Train to babylon
    HerringWord2: Peniain
    HerringWord3: Penisaga
    WordCategory: 1
  - SelectedWord: penis mcflurry
    WordDescription: When you stick your cock in a McDonalds Ice cream cone and cum
      into it, then feed it to your girlfriend
    HerringWord1: McSemen
    HerringWord2: McNutritious
    HerringWord3: Penicream
    WordCategory: 1
  - SelectedWord: Anal Carpet Bombing
    WordDescription: An orgy with multiple men all anally pounding each other whilst
      on a carpet resulting in udder destruction and a horrible stain
    HerringWord1: Carpetal
    HerringWord2: Stainal
    HerringWord3: Corporeanal
    WordCategory: 1
  - SelectedWord: hand career
    WordDescription: A hand job that goes on too long.
    HerringWord1: Overtime tether
    HerringWord2: Christopher
    HerringWord3: Hand Jobernity
    WordCategory: 1
  - SelectedWord: Ass
    WordDescription: A place where courageous people do the nasty
    HerringWord1: Ear
    HerringWord2: Pennsylvania
    HerringWord3: Arm pit
    WordCategory: 1
  - SelectedWord: Kanye West'd
    WordDescription: When receiving sexual stimulation for pleasure from another person
      (male or female) you interrupt them to explain a past partner performed said
      act with a lot more skill. Then you allow them to continue said act.
    HerringWord1: Imma let you finish
    HerringWord2: Kim KO
    HerringWord3: Swift'd
    WordCategory: 1
  - SelectedWord: GHETTOBILLY
    WordDescription: An urban hillbilly.
    HerringWord1: Hickster
    HerringWord2: Hipsterilly
    HerringWord3: 'Sidesquawk '
    WordCategory: 2
  - SelectedWord: foolk
    WordDescription: Musician from Slovakia. Weird jazz, electronica and hip-hop.
    HerringWord1: Slovakstep
    HerringWord2: Hopvakian
    HerringWord3: Slovascian
    WordCategory: 2
  - SelectedWord: farm emo
    WordDescription: country music
    HerringWord1: Death cart for cowie
    HerringWord2: Lasso lullabies
    HerringWord3: Rural goth
    WordCategory: 2
  - SelectedWord: vromp
    WordDescription: The sound repeatedly hear in any Dubstep song.
    HerringWord1: ting
    HerringWord2: ding ding
    HerringWord3: pomp
    WordCategory: 2
  - SelectedWord: nubstep
    WordDescription: The type of music shitty dj's make in attempt to make a GOOD
      dubstep beat. Usually made by a nub, or newb, who thinks he can make beats.
    HerringWord1: Skrillaxer
    HerringWord2: Dubtergarden
    HerringWord3: Kidstep
    WordCategory: 2
  - SelectedWord: Chin Rock
    WordDescription: Music by bands who sing with their chins...examples include Bush,
      Pearl Jam, Creed, Staind, Nickelback...etc.
    HerringWord1: Jaw lick
    HerringWord2: Chinchord
    HerringWord3: Jawcapella
    WordCategory: 2
  - SelectedWord: Dubstep Blue Balls
    WordDescription: A phenomenon that occurs when listening to a sweet dubstep song,
      and for one reason or another the song is cut off right before the breakdown,
      as the bass is about to drop.
    HerringWord1: Dubstopped
    HerringWord2: Dubblocked
    HerringWord3: Bass rebuff
    WordCategory: 2
  - SelectedWord: Mattress Music
    WordDescription: Music people listen to while having sex.
    HerringWord1: Barry Whites
    HerringWord2: Kim KO
    HerringWord3: Orgasmusik
    WordCategory: 2
  - SelectedWord: Bo Diggity
    WordDescription: Usually used to describe cool jazz music.
    HerringWord1: Hot damn
    HerringWord2: Sweet lord
    HerringWord3: Wiggle snap
    WordCategory: 2
  - SelectedWord: Jazz Finger
    WordDescription: To show off in an unecessary fashion
    HerringWord1: Hip-hop hijink
    HerringWord2: To Mayweather
    HerringWord3: Jingle jink
    WordCategory: 2
  - SelectedWord: Filthy
    WordDescription: An adjective used to describe dirty sounding dubstep tracks
    HerringWord1: Gritty
    HerringWord2: Bassic
    HerringWord3: Wubwub in the dubdub
    WordCategory: 2
  - SelectedWord: iPod pimple
    WordDescription: Pimples you get in your ears from Ipod headphones.
    HerringWord1: Listezit
    HerringWord2: Muzit
    HerringWord3: Pimplepod
    WordCategory: 2
  - SelectedWord: Karaoke Syndrome
    WordDescription: The inability to listen to a song without singing aloud.
    HerringWord1: Singarrhoea
    HerringWord2: Tunerettes
    HerringWord3: 'Machurianaorke '
    WordCategory: 2
  - SelectedWord: a crapella
    WordDescription: Singing out loud while listening to music with your headphones
      on. Whereas the singer gets the benefit of the music, those unfortunate to be
      standing nearby are subjected to an unaccompanied (and invariably crappy) rendition
      of the song.
    HerringWord1: Molodie
    HerringWord2: Stanzattack
    HerringWord3: Pitch stitch
    WordCategory: 2
  - SelectedWord: Corporate Death Burger
    WordDescription: Singing out loud while listening to music with your headphones
      on. Whereas the singer gets the benefit of the music, those unfortunate to be
      standing nearby are subjected to an unaccompanied (and invariably crappy) rendition
      of the song.
    HerringWord1: Fast shitznel
    HerringWord2: Patthythetic
    HerringWord3: Die through
    WordCategory: 6
  - SelectedWord: Turd munchies
    WordDescription: When you drop a massive turd and feel hungry afterwards.
    HerringWord1: The circle of life
    HerringWord2: Turdiner
    HerringWord3: Turdunger
    WordCategory: 6
  - SelectedWord: sushilize
    WordDescription: To socialize over sushi
    HerringWord1: Chop chat
    HerringWord2: Conversushi
    HerringWord3: Soycialise
    WordCategory: 6
  - SelectedWord: hypocrite burger
    WordDescription: A veggie burger with bacon.
    HerringWord1: Bactrayment
    HerringWord2: Veganistahn
    HerringWord3: Soy what?
    WordCategory: 6
  - SelectedWord: Thurrito
    WordDescription: A Burrito within a Burrito, within the heart of that same Burrito.
    HerringWord1: Russian dollitto
    HerringWord2: Burception
    HerringWord3: Higgs Bosuritto
    WordCategory: 6
  - SelectedWord: pizza daddy
    WordDescription: a sugar daddy who just gives you pizza
    HerringWord1: Italian Elon Musk
    HerringWord2: Foccashia
    HerringWord3: doudge fund
    WordCategory: 6
  - SelectedWord: food box
    WordDescription: your belly
    HerringWord1: Food hole
    HerringWord2: Garbage can
    HerringWord3: Long drop
    WordCategory: 6
  - SelectedWord: Kathy Dinner
    WordDescription: A dinner consisting of...just cereal.
    HerringWord1: Cerreal
    HerringWord2: Crlunch
    HerringWord3: Kellogfast
    WordCategory: 6
  - SelectedWord: poopcake
    WordDescription: A round, chocolate cake with chocolate icing produced in the
      game Cake Mania.
    HerringWord1: Chocstool
    HerringWord2: Defecake
    HerringWord3: 'Hershe''s '
    WordCategory: 6
  - SelectedWord: Domino Effect
    WordDescription: When everyone gets tired of Pizza Hut
    HerringWord1: Cold war else?
    HerringWord2: Shit huttens
    HerringWord3: Doughpamine
    WordCategory: 6
  - SelectedWord: Ramen
    WordDescription: The meal between dinner and breakfast. Usually happening around
      3am.
    HerringWord1: Midnight Snadness
    HerringWord2: 'Midnightofu '
    HerringWord3: Tear catcher
    WordCategory: 6
  - SelectedWord: Bacon Sexual
    WordDescription: Sexually attracted to bacon. Only bacon.
    HerringWord1: Baconnibal
    HerringWord2: Kinkmchi
    HerringWord3: Fetishoink
    WordCategory: 6
  - SelectedWord: Texas Breakfast
    WordDescription: A meal consisting of pancakes and beer. Usually served for dinner.
    HerringWord1: Cholestrolled awakening
    HerringWord2: 'Pancardiac Arrest '
    HerringWord3: Beerkfast
    WordCategory: 6
  - SelectedWord: cake mixing
    WordDescription: flirting, whispering sweet nothings on the phone
    HerringWord1: ASMR
    HerringWord2: Diabetic dial
    HerringWord3: Whisper weave
    WordCategory: 6
  - SelectedWord: dinchfast
    WordDescription: Breakfast + Lunch + Dinner.
    HerringWord1: Brunner
    HerringWord2: Carbo bloating
    HerringWord3: Epic Meal Time
    WordCategory: 6
  - SelectedWord: bacgrin
    WordDescription: The Smile or grin you get from eating bacon
    HerringWord1: Porkle
    HerringWord2: Piggle
    HerringWord3: Porgrin
    WordCategory: 6
  - SelectedWord: chelted
    WordDescription: the cheese is melted on the pizza
    HerringWord1: Mozzerelleaven
    HerringWord2: Doughpe
    HerringWord3: Liquifine
    WordCategory: 6
  - SelectedWord: Work avoidance technician
    WordDescription: Some who works harder to avoid work than the task it self
    HerringWord1: Professtinator
    HerringWord2: escaputive
    HerringWord3: Parolecutive
    WordCategory: 3
  - SelectedWord: Office Mattress
    WordDescription: The person in the office that everybody sleeps with (or on).
    HerringWord1: Staple
    HerringWord2: Xerocker
    HerringWord3: Promiscuolleague
    WordCategory: 3
  - SelectedWord: cubicle
    WordDescription: A small "office" in which an employee loses all of their will
      to live let alone keep their job.
    HerringWord1: Law firm
    HerringWord2: crybicle
    HerringWord3: Officeject
    WordCategory: 3
  - SelectedWord: hack job
    WordDescription: 'A procedure or operation performed by someone with inadequate
      skill or knowlege of the subject. '
    HerringWord1: inadequit
    HerringWord2: abilitwit
    HerringWord3: knack lack
    WordCategory: 3
  - SelectedWord: Office Squid
    WordDescription: Someone who travels around an office by propelling themselves
      backward in an office chair instead of walking.
    HerringWord1: French General
    HerringWord2: Workerear
    HerringWord3: Pireverse
    WordCategory: 3
  - SelectedWord: mecretary
    WordDescription: A male secretary.
    HerringWord1: Pete
    HerringWord2: Stubbletary
    HerringWord3: mascretary
    WordCategory: 3
  - SelectedWord: Job Jobbed
    WordDescription: 'Completing a job. Once the job is complete '
    HerringWord1: Work worked
    HerringWord2: Effordone
    HerringWord3: I'm out
    WordCategory: 3
  - SelectedWord: slworking
    WordDescription: Slacking while working. Goofing off and/or slacking while at
      work.
    HerringWord1: Procrastcrolling
    HerringWord2: Goorfking
    HerringWord3: Slorking
    WordCategory: 3
  - SelectedWord: Beeting
    WordDescription: the cheese is melted on the pizza
    HerringWord1: Discusshout
    HerringWord2: Boxing Meetring
    HerringWord3: Verbaslap
    WordCategory: 3
  - SelectedWord: yakka
    WordDescription: Work. Often hard work and often involving some muscle or physical
      effort
    HerringWord1: Grind
    HerringWord2: Prime time
    HerringWord3: Workscle
    WordCategory: 3
  - SelectedWord: death
    WordDescription: an excuse to get out of work
    HerringWord1: Funeral
    HerringWord2: Wedding
    HerringWord3: Holiday
    WordCategory: 3
  - SelectedWord: swaners
    WordDescription: People with jobs that dont actually spend time or do jobs at
      there supposed workplace
    HerringWord1: Squattermployed
    HerringWord2: Hustlemploy
    HerringWord3: Work adjacents
    WordCategory: 3
  - SelectedWord: Microsoft Office
    WordDescription: The Stupid Writing Thing That Has The Stupid Talking Paperclip
    HerringWord1: Siri
    HerringWord2: Google
    HerringWord3: Chrome
    WordCategory: 3
  - SelectedWord: office bolotics
    WordDescription: This means the "bollocks" of office politics
    HerringWord1: Game of Desks
    HerringWord2: bolloffice
    HerringWord3: Workplacate
    WordCategory: 3
  - SelectedWord: Internet fairy
    WordDescription: A person who searches the Internet for things that they like,
      comments on them in a positive way, and praises people for posting things that
      the fairy likes. An Internet fairy is the opposite of an Internet troll.
    HerringWord1: Wholesome me
    HerringWord2: Philanthrotypist
    HerringWord3: Mother commentheresa
    WordCategory: 7
  - SelectedWord: twexit
    WordDescription: Gone from Twitter (Twitter Exit)
    HerringWord1: Birdepart
    HerringWord2: Retrweet
    HerringWord3: Contexit
    WordCategory: 7
  - SelectedWord: dot gone
    WordDescription: unsuccessful internet company
    HerringWord1: Vini, Vidi, Viney
    HerringWord2: Start up and left
    HerringWord3: internothing left
    WordCategory: 7
  - SelectedWord: surf cooties
    WordDescription: computer virus obtained while surfing the internet
    HerringWord1: Trojan hoarse
    HerringWord2: Worm swell
    HerringWord3: Waverus
    WordCategory: 7
  - SelectedWord: yagnizing
    WordDescription: Flirting with a girl you like by chatting with her online
    HerringWord1: Flirtinet
    HerringWord2: eMac
    HerringWord3: textraction
    WordCategory: 7
  - SelectedWord: eBAE
    WordDescription: A relationship with someone you've met online.
    HerringWord1: Tindearest
    HerringWord2: OkCupidle
    HerringWord3: Signetifcant other
    WordCategory: 7
  - SelectedWord: Rule 46
    WordDescription: There is always furry porn of it.
    HerringWord1: Fur real
    HerringWord2: Bear necessities
    HerringWord3: Hairdonism
    WordCategory: 7
  - SelectedWord: falking
    WordDescription: stalking people via facebook
    HerringWord1: Zucking
    HerringWord2: FBI see you
    HerringWord3: Stalcovert
    WordCategory: 7
  - SelectedWord: have an internet
    WordDescription: A congratulatory phrase given to someone who has done something
      cool/funny online.
    HerringWord1: You're a real Wint
    HerringWord2: Soundcloud link?
    HerringWord3: Remember me now you're famous
    WordCategory: 7
  - SelectedWord: Wi-Firacy
    WordDescription: The act of using a remote company's wi-fi network to avoid using
      all your limited data plan.
    HerringWord1: Buccanternet
    HerringWord2: Wifighting
    HerringWord3: Marxinternet
    WordCategory: 7
  - SelectedWord: Wirate
    WordDescription: Getting really angry when your WIFI internet connection is slow.
    HerringWord1: Annoyternet
    HerringWord2: WiFired
    HerringWord3: Webile
    WordCategory: 7
  - SelectedWord: Milkshake Duck
    WordDescription: Someone who gains sudden fame for something nice and positive,
      only to soon after be revealed as a deeply flawed character with terrible opinions
      and/or a shady past
    HerringWord1: Freaky Friday
    HerringWord2: Shyamalan'ed
    HerringWord3: Jekylled it
    WordCategory: 7
  - SelectedWord: Yolo
    WordDescription: Carpe diem for stupid people
    HerringWord1: It is what it is
    HerringWord2: Lets get lit
    HerringWord3: Fuck it
    WordCategory: 7
  - SelectedWord: bodybooking
    WordDescription: A person who constantly post pictures of themselves while working
      out, shirtless/ in a bikini, or in workout clothes with no sweat on their face.
    HerringWord1: Selfietish
    HerringWord2: Mr Skin
    HerringWord3: Instagram Model
    WordCategory: 7
  - SelectedWord: aikona
    WordDescription: Meaning no way; absolutely ain't gonna happen.
    HerringWord1: Nah bru
    HerringWord2: Jassus
    HerringWord3: Gatvol
    WordCategory: 5
  - SelectedWord: babbelas
    WordDescription: A hangover
    HerringWord1: Randburg breakfast
    HerringWord2: Toy toy tingle
    HerringWord3: Tiger Tiger trap
    WordCategory: 5
  - SelectedWord: bliksem
    WordDescription: Afrikaans verb meaning to hit, strike or punch
    HerringWord1: Boet
    HerringWord2: Klap
    HerringWord3: Gatvol
    WordCategory: 5
  - SelectedWord: Iz it?
    WordDescription: Means 'You're having me on.'
    HerringWord1: For real?
    HerringWord2: No man
    HerringWord3: En nou?
    WordCategory: 5
  - SelectedWord: late for you
    WordDescription: Typically used to describe someone's situation if a person is
      in a bad space and there's no escape.
    HerringWord1: Joburged
    HerringWord2: Chow
    HerringWord3: 'Lets waai '
    WordCategory: 5
  - SelectedWord: Kiff
    WordDescription: Carpe diem for stupid people
    HerringWord1: Lekker
    HerringWord2: Naas
    HerringWord3: Mooi
    WordCategory: 5
  - SelectedWord: Now now
    WordDescription: Relating to the period of time which will elapse before the given
      task, time or oppotunity will present itself.
    HerringWord1: Soon
    HerringWord2: A year
    HerringWord3: Next week
    WordCategory: 5
  - SelectedWord: Oke
    WordDescription: Slang for a person or a man. Normally associated with somebody
      that you do not know.
    HerringWord1: Boet
    HerringWord2: Chana
    HerringWord3: Fella
    WordCategory: 5
  - SelectedWord: Laduma
    WordDescription: A South African phrase that is generally spoken (or screamed)
      when a goal in soccer is scored
    HerringWord1: Allewereld
    HerringWord2: Jou biscuit
    HerringWord3: Yebo
    WordCategory: 5
  - SelectedWord: Eish
    WordDescription: 'A South African word that can express when you are: Excited,
      Horrified, Angry, Happy, Shocked, or when an accident happens'
    HerringWord1: Yoh
    HerringWord2: Jassus
    HerringWord3: Mxm
    WordCategory: 5
  - SelectedWord: parktown prawn
    WordDescription: An big ugly insect looking halfway between a cockroach and a
      grasshoper. Named after a part of Joburg.
    HerringWord1: Bo-Kaap Beetle
    HerringWord2: Clifton Cricket
    HerringWord3: Meadowdale Mantis
    WordCategory: 5
  - SelectedWord: aweh
    WordDescription: A South African slang word used to acknowledge something or greet
      someone.
    HerringWord1: Yoh
    HerringWord2: Howzit?
    HerringWord3: Eta
    WordCategory: 5
  - SelectedWord: vuvuzela
    WordDescription: A mind-numbing torture device made of cheap, brightly colored
      plastic. It resembles a horn but its pitch cannot be changed.
    HerringWord1: Party horn
    HerringWord2: Tuba
    HerringWord3: Trumpet
    WordCategory: 5
  - SelectedWord: Doos
    WordDescription: A very stupid, obstreporous, despicable, disagreeable person,
      often a male. An "asshole" or "dickhead".
    HerringWord1: Tjana
    HerringWord2: Boet
    HerringWord3: Randburger
    WordCategory: 5
  - SelectedWord: hayibo
    WordDescription: slang interjection indicating disbelief, moral disgust, surprise.
      As in 'I don't believe what I am seeing.'
    HerringWord1: Jou ma se poes
    HerringWord2: Nee man
    HerringWord3: Yoh
    WordCategory: 5
  CorrectScore: 10
  IncorrectScore: -5
  Player1Score: {fileID: 0}
  Player2Score: {fileID: 0}
  QuestionCounter: {fileID: 0}
  Rounds:
  - RoundName: General
    RoundFocusCategory: 1
    WordsPerRound: 1
    PointsModifier: 1
    RoundPublicName: Sex Moves
    RandomiseCategory: 0
    ChooseCategory: 0
  - RoundName: General2
    RoundFocusCategory: 4
    WordsPerRound: 2
    PointsModifier: 1.5
    RoundPublicName: Names
    RandomiseCategory: 0
    ChooseCategory: 1
  - RoundName: General2
    RoundFocusCategory: 0
    WordsPerRound: 3
    PointsModifier: 3
    RoundPublicName: 
    RandomiseCategory: 0
    ChooseCategory: 0
--- !u!114 &114980141309355020
MonoBehaviour:
  m_ObjectHideFlags: 1
  m_CorrespondingSourceObject: {fileID: 0}
  m_PrefabInternal: {fileID: 100100000}
  m_GameObject: {fileID: 1603757981621076}
  m_Enabled: 1
  m_EditorHideFlags: 0
  m_Script: {fileID: 11500000, guid: 8f49474db1a233f488c625cdf2f108db, type: 3}
  m_Name: 
  m_EditorClassIdentifier: 
  SpriteHolder: {fileID: 0}
  StandardColor: {r: 0, g: 0, b: 0, a: 0}
  DamagedColor: {r: 1, g: 1, b: 1, a: 1}
  HealColor: {r: 0, g: 1, b: 0, a: 1}
  DamageFlashPeriod: 0
  FlashOscillatePeriod: 0
  DamageColorHoldPeriod: 0
  MakeNewColor: 0
  DeathColor: {r: 0, g: 0, b: 0, a: 0}
  DeathMotion: 0
  DeathMotionX: 0
  DeathMotionY: 0
  TurnOffComponents: 0
  DeathComponents: []
  OtherAffectedSprites: []
  TurnedOffSprites: []
  RotateDeath: 0
  RotateGoal: 0
  RotateTime: 0
  ShudderRange: {x: 0, y: 0}
  ShudderDimensionPeriods: {x: 0, y: 0, z: 0}
  ShudderPeriod: 0
