%YAML 1.1
%TAG !u! tag:unity3d.com,2011:
--- !u!29 &1
OcclusionCullingSettings:
  m_ObjectHideFlags: 0
  serializedVersion: 2
  m_OcclusionBakeSettings:
    smallestOccluder: 5
    smallestHole: 0.25
    backfaceThreshold: 100
  m_SceneGUID: 00000000000000000000000000000000
  m_OcclusionCullingData: {fileID: 0}
--- !u!104 &2
RenderSettings:
  m_ObjectHideFlags: 0
  serializedVersion: 9
  m_Fog: 0
  m_FogColor: {r: 0.5, g: 0.5, b: 0.5, a: 1}
  m_FogMode: 3
  m_FogDensity: 0.01
  m_LinearFogStart: 0
  m_LinearFogEnd: 300
  m_AmbientSkyColor: {r: 0.212, g: 0.227, b: 0.259, a: 1}
  m_AmbientEquatorColor: {r: 0.114, g: 0.125, b: 0.133, a: 1}
  m_AmbientGroundColor: {r: 0.047, g: 0.043, b: 0.035, a: 1}
  m_AmbientIntensity: 1
  m_AmbientMode: 3
  m_SubtractiveShadowColor: {r: 0.42, g: 0.478, b: 0.627, a: 1}
  m_SkyboxMaterial: {fileID: 0}
  m_HaloStrength: 0.5
  m_FlareStrength: 1
  m_FlareFadeSpeed: 3
  m_HaloTexture: {fileID: 0}
  m_SpotCookie: {fileID: 10001, guid: 0000000000000000e000000000000000, type: 0}
  m_DefaultReflectionMode: 0
  m_DefaultReflectionResolution: 128
  m_ReflectionBounces: 1
  m_ReflectionIntensity: 1
  m_CustomReflection: {fileID: 0}
  m_Sun: {fileID: 0}
  m_IndirectSpecularColor: {r: 0, g: 0, b: 0, a: 1}
  m_UseRadianceAmbientProbe: 0
--- !u!157 &3
LightmapSettings:
  m_ObjectHideFlags: 0
  serializedVersion: 11
  m_GIWorkflowMode: 1
  m_GISettings:
    serializedVersion: 2
    m_BounceScale: 1
    m_IndirectOutputScale: 1
    m_AlbedoBoost: 1
    m_TemporalCoherenceThreshold: 1
    m_EnvironmentLightingMode: 0
    m_EnableBakedLightmaps: 0
    m_EnableRealtimeLightmaps: 0
  m_LightmapEditorSettings:
    serializedVersion: 10
    m_Resolution: 2
    m_BakeResolution: 40
    m_AtlasSize: 1024
    m_AO: 0
    m_AOMaxDistance: 1
    m_CompAOExponent: 1
    m_CompAOExponentDirect: 0
    m_Padding: 2
    m_LightmapParameters: {fileID: 0}
    m_LightmapsBakeMode: 1
    m_TextureCompression: 1
    m_FinalGather: 0
    m_FinalGatherFiltering: 1
    m_FinalGatherRayCount: 256
    m_ReflectionCompression: 2
    m_MixedBakeMode: 2
    m_BakeBackend: 0
    m_PVRSampling: 1
    m_PVRDirectSampleCount: 32
    m_PVRSampleCount: 500
    m_PVRBounces: 2
    m_PVRFilterTypeDirect: 0
    m_PVRFilterTypeIndirect: 0
    m_PVRFilterTypeAO: 0
    m_PVRFilteringMode: 1
    m_PVRCulling: 1
    m_PVRFilteringGaussRadiusDirect: 1
    m_PVRFilteringGaussRadiusIndirect: 5
    m_PVRFilteringGaussRadiusAO: 2
    m_PVRFilteringAtrousPositionSigmaDirect: 0.5
    m_PVRFilteringAtrousPositionSigmaIndirect: 2
    m_PVRFilteringAtrousPositionSigmaAO: 1
    m_ShowResolutionOverlay: 1
  m_LightingDataAsset: {fileID: 0}
  m_UseShadowmask: 1
--- !u!196 &4
NavMeshSettings:
  serializedVersion: 2
  m_ObjectHideFlags: 0
  m_BuildSettings:
    serializedVersion: 2
    agentTypeID: 0
    agentRadius: 0.5
    agentHeight: 2
    agentSlope: 45
    agentClimb: 0.4
    ledgeDropHeight: 0
    maxJumpAcrossDistance: 0
    minRegionArea: 2
    manualCellSize: 0
    cellSize: 0.16666667
    manualTileSize: 0
    tileSize: 256
    accuratePlacement: 0
    debug:
      m_Flags: 0
  m_NavMeshData: {fileID: 0}
--- !u!1 &86750777
GameObject:
  m_ObjectHideFlags: 0
  m_CorrespondingSourceObject: {fileID: 0}
  m_PrefabInternal: {fileID: 0}
  serializedVersion: 6
  m_Component:
  - component: {fileID: 86750778}
  m_Layer: 0
  m_Name: CameraTarget
  m_TagString: Untagged
  m_Icon: {fileID: 0}
  m_NavMeshLayer: 0
  m_StaticEditorFlags: 0
  m_IsActive: 1
--- !u!4 &86750778
Transform:
  m_ObjectHideFlags: 0
  m_CorrespondingSourceObject: {fileID: 0}
  m_PrefabInternal: {fileID: 0}
  m_GameObject: {fileID: 86750777}
  m_LocalRotation: {x: 0, y: 0, z: 0, w: 1}
  m_LocalPosition: {x: 0, y: 0, z: -9.25}
  m_LocalScale: {x: 1, y: 1, z: 1}
  m_Children: []
  m_Father: {fileID: 0}
  m_RootOrder: 5
  m_LocalEulerAnglesHint: {x: 0, y: 0, z: 0}
--- !u!1 &229591460 stripped
GameObject:
  m_CorrespondingSourceObject: {fileID: 1624474148843466, guid: cccda4f9a2fcebb439bb060f63c0a1f2,
    type: 2}
  m_PrefabInternal: {fileID: 2010114538}
--- !u!1 &230596476 stripped
GameObject:
  m_CorrespondingSourceObject: {fileID: 1662324401220284, guid: cccda4f9a2fcebb439bb060f63c0a1f2,
    type: 2}
  m_PrefabInternal: {fileID: 2010114538}
--- !u!114 &230596478 stripped
MonoBehaviour:
  m_CorrespondingSourceObject: {fileID: 114303452354472204, guid: cccda4f9a2fcebb439bb060f63c0a1f2,
    type: 2}
  m_PrefabInternal: {fileID: 2010114538}
  m_Script: {fileID: 11500000, guid: a98e9293d30745343b19d8009b697d40, type: 3}
--- !u!1 &519420028
GameObject:
  m_ObjectHideFlags: 0
  m_CorrespondingSourceObject: {fileID: 0}
  m_PrefabInternal: {fileID: 0}
  serializedVersion: 6
  m_Component:
  - component: {fileID: 519420032}
  - component: {fileID: 519420031}
  - component: {fileID: 519420029}
  - component: {fileID: 519420030}
  m_Layer: 0
  m_Name: Main Camera
  m_TagString: MainCamera
  m_Icon: {fileID: 0}
  m_NavMeshLayer: 0
  m_StaticEditorFlags: 0
  m_IsActive: 1
--- !u!81 &519420029
AudioListener:
  m_ObjectHideFlags: 0
  m_CorrespondingSourceObject: {fileID: 0}
  m_PrefabInternal: {fileID: 0}
  m_GameObject: {fileID: 519420028}
  m_Enabled: 1
--- !u!114 &519420030
MonoBehaviour:
  m_ObjectHideFlags: 0
  m_CorrespondingSourceObject: {fileID: 0}
  m_PrefabInternal: {fileID: 0}
  m_GameObject: {fileID: 519420028}
  m_Enabled: 1
  m_EditorHideFlags: 0
  m_Script: {fileID: 11500000, guid: c7b5e8de77c5b4597ae7fbfb49a95e22, type: 3}
  m_Name: 
  m_EditorClassIdentifier: 
  logDebugInfo: 0
  invertYAxis: 0
  useFixedUpdate: 0
  dontDestroyOnLoad: 0
  suspendInBackground: 0
  enableICade: 0
  enableXInput: 0
  xInputOverrideUpdateRate: 0
  xInputUpdateRate: 0
  xInputOverrideBufferSize: 0
  xInputBufferSize: 0
  enableNativeInput: 0
  nativeInputEnableXInput: 1
  nativeInputPreventSleep: 0
  nativeInputOverrideUpdateRate: 0
  nativeInputUpdateRate: 0
  customProfiles: []
--- !u!20 &519420031
Camera:
  m_ObjectHideFlags: 0
  m_CorrespondingSourceObject: {fileID: 0}
  m_PrefabInternal: {fileID: 0}
  m_GameObject: {fileID: 519420028}
  m_Enabled: 1
  serializedVersion: 2
  m_ClearFlags: 2
  m_BackGroundColor: {r: 0.9529412, g: 0.9529412, b: 0.95686275, a: 1}
  m_projectionMatrixMode: 1
  m_SensorSize: {x: 36, y: 24}
  m_LensShift: {x: 0, y: 0}
  m_FocalLength: 50
  m_NormalizedViewPortRect:
    serializedVersion: 2
    x: 0
    y: 0
    width: 1
    height: 1
  near clip plane: 0.3
  far clip plane: 1000
  field of view: 60
  orthographic: 1
  orthographic size: 5
  m_Depth: -1
  m_CullingMask:
    serializedVersion: 2
    m_Bits: 4294967295
  m_RenderingPath: -1
  m_TargetTexture: {fileID: 0}
  m_TargetDisplay: 0
  m_TargetEye: 0
  m_HDR: 1
  m_AllowMSAA: 0
  m_AllowDynamicResolution: 0
  m_ForceIntoRT: 0
  m_OcclusionCulling: 0
  m_StereoConvergence: 10
  m_StereoSeparation: 0.022
--- !u!4 &519420032
Transform:
  m_ObjectHideFlags: 0
  m_CorrespondingSourceObject: {fileID: 0}
  m_PrefabInternal: {fileID: 0}
  m_GameObject: {fileID: 519420028}
  m_LocalRotation: {x: 0, y: 0, z: 0, w: 1}
  m_LocalPosition: {x: 0, y: 0, z: -728}
  m_LocalScale: {x: 1, y: 1, z: 1}
  m_Children: []
  m_Father: {fileID: 0}
  m_RootOrder: 0
  m_LocalEulerAnglesHint: {x: 0, y: 0, z: 0}
--- !u!1001 &530959778
Prefab:
  m_ObjectHideFlags: 0
  serializedVersion: 2
  m_Modification:
    m_TransformParent: {fileID: 0}
    m_Modifications:
    - target: {fileID: 4101324377295910, guid: 021c39300778bb646ac38ed915b298e2, type: 2}
      propertyPath: m_LocalPosition.x
      value: 0
      objectReference: {fileID: 0}
    - target: {fileID: 4101324377295910, guid: 021c39300778bb646ac38ed915b298e2, type: 2}
      propertyPath: m_LocalPosition.y
      value: 0
      objectReference: {fileID: 0}
    - target: {fileID: 4101324377295910, guid: 021c39300778bb646ac38ed915b298e2, type: 2}
      propertyPath: m_LocalPosition.z
      value: -10
      objectReference: {fileID: 0}
    - target: {fileID: 4101324377295910, guid: 021c39300778bb646ac38ed915b298e2, type: 2}
      propertyPath: m_LocalRotation.x
      value: -0
      objectReference: {fileID: 0}
    - target: {fileID: 4101324377295910, guid: 021c39300778bb646ac38ed915b298e2, type: 2}
      propertyPath: m_LocalRotation.y
      value: -0
      objectReference: {fileID: 0}
    - target: {fileID: 4101324377295910, guid: 021c39300778bb646ac38ed915b298e2, type: 2}
      propertyPath: m_LocalRotation.z
      value: -0
      objectReference: {fileID: 0}
    - target: {fileID: 4101324377295910, guid: 021c39300778bb646ac38ed915b298e2, type: 2}
      propertyPath: m_LocalRotation.w
      value: 1
      objectReference: {fileID: 0}
    - target: {fileID: 4101324377295910, guid: 021c39300778bb646ac38ed915b298e2, type: 2}
      propertyPath: m_RootOrder
      value: 4
      objectReference: {fileID: 0}
    - target: {fileID: 114325138135126440, guid: 021c39300778bb646ac38ed915b298e2,
        type: 2}
      propertyPath: EndGameSwitchOff.Array.data[0]
      value: 
      objectReference: {fileID: 966504115}
    - target: {fileID: 114325138135126440, guid: 021c39300778bb646ac38ed915b298e2,
        type: 2}
      propertyPath: EndGameSwitchOff.Array.data[1]
      value: 
      objectReference: {fileID: 792634029}
    - target: {fileID: 114325138135126440, guid: 021c39300778bb646ac38ed915b298e2,
        type: 2}
      propertyPath: EndGameSwitchOff.Array.data[2]
      value: 
      objectReference: {fileID: 0}
    - target: {fileID: 114325138135126440, guid: 021c39300778bb646ac38ed915b298e2,
        type: 2}
      propertyPath: EndGameSwitchOff.Array.data[3]
      value: 
      objectReference: {fileID: 1351631170}
    - target: {fileID: 114325138135126440, guid: 021c39300778bb646ac38ed915b298e2,
        type: 2}
      propertyPath: EndGameSwitchOff.Array.data[4]
      value: 
      objectReference: {fileID: 936291447}
    - target: {fileID: 114325138135126440, guid: 021c39300778bb646ac38ed915b298e2,
        type: 2}
      propertyPath: EndGameSwitchOff.Array.data[5]
      value: 
      objectReference: {fileID: 949538984}
    - target: {fileID: 114325138135126440, guid: 021c39300778bb646ac38ed915b298e2,
        type: 2}
      propertyPath: EndGameSwitchOff.Array.data[6]
      value: 
      objectReference: {fileID: 229591460}
    - target: {fileID: 114325138135126440, guid: 021c39300778bb646ac38ed915b298e2,
        type: 2}
      propertyPath: EndGameSwitchOff.Array.data[7]
      value: 
      objectReference: {fileID: 230596476}
    - target: {fileID: 114325138135126440, guid: 021c39300778bb646ac38ed915b298e2,
        type: 2}
      propertyPath: EndGameNotification
      value: 
      objectReference: {fileID: 1469606119}
    - target: {fileID: 114325138135126440, guid: 021c39300778bb646ac38ed915b298e2,
        type: 2}
      propertyPath: RestartGamePrompt
      value: 
      objectReference: {fileID: 960392006}
    - target: {fileID: 114325138135126440, guid: 021c39300778bb646ac38ed915b298e2,
        type: 2}
      propertyPath: Score1
      value: 
      objectReference: {fileID: 792634031}
    - target: {fileID: 114325138135126440, guid: 021c39300778bb646ac38ed915b298e2,
        type: 2}
      propertyPath: Score2
      value: 
      objectReference: {fileID: 949538987}
    - target: {fileID: 114325138135126440, guid: 021c39300778bb646ac38ed915b298e2,
        type: 2}
      propertyPath: QuestionGuess
      value: 
      objectReference: {fileID: 230596478}
    m_RemovedComponents: []
  m_SourcePrefab: {fileID: 100100000, guid: 021c39300778bb646ac38ed915b298e2, type: 2}
  m_IsPrefabAsset: 0
--- !u!1 &792634029 stripped
GameObject:
  m_CorrespondingSourceObject: {fileID: 1590674325873432, guid: cccda4f9a2fcebb439bb060f63c0a1f2,
    type: 2}
  m_PrefabInternal: {fileID: 2010114538}
--- !u!114 &792634031 stripped
MonoBehaviour:
  m_CorrespondingSourceObject: {fileID: 114781413458786384, guid: cccda4f9a2fcebb439bb060f63c0a1f2,
    type: 2}
  m_PrefabInternal: {fileID: 2010114538}
  m_Script: {fileID: 11500000, guid: a98e9293d30745343b19d8009b697d40, type: 3}
--- !u!114 &797146384 stripped
MonoBehaviour:
  m_CorrespondingSourceObject: {fileID: 114354903105646544, guid: cccda4f9a2fcebb439bb060f63c0a1f2,
    type: 2}
  m_PrefabInternal: {fileID: 2010114538}
  m_Script: {fileID: 708705254, guid: f70555f144d8491a825f0804e09c671c, type: 3}
--- !u!1 &936291447 stripped
GameObject:
  m_CorrespondingSourceObject: {fileID: 1170971573389114, guid: cccda4f9a2fcebb439bb060f63c0a1f2,
    type: 2}
  m_PrefabInternal: {fileID: 2010114538}
--- !u!1 &949538984 stripped
GameObject:
  m_CorrespondingSourceObject: {fileID: 1029954352494686, guid: cccda4f9a2fcebb439bb060f63c0a1f2,
    type: 2}
  m_PrefabInternal: {fileID: 2010114538}
--- !u!114 &949538987 stripped
MonoBehaviour:
  m_CorrespondingSourceObject: {fileID: 114531727430577182, guid: cccda4f9a2fcebb439bb060f63c0a1f2,
    type: 2}
  m_PrefabInternal: {fileID: 2010114538}
  m_Script: {fileID: 11500000, guid: a98e9293d30745343b19d8009b697d40, type: 3}
--- !u!114 &960392006 stripped
MonoBehaviour:
  m_CorrespondingSourceObject: {fileID: 114052069537551990, guid: cccda4f9a2fcebb439bb060f63c0a1f2,
    type: 2}
  m_PrefabInternal: {fileID: 2010114538}
  m_Script: {fileID: 708705254, guid: f70555f144d8491a825f0804e09c671c, type: 3}
--- !u!1 &966504115 stripped
GameObject:
  m_CorrespondingSourceObject: {fileID: 1110536779187790, guid: cccda4f9a2fcebb439bb060f63c0a1f2,
    type: 2}
  m_PrefabInternal: {fileID: 2010114538}
--- !u!1 &1351631170 stripped
GameObject:
  m_CorrespondingSourceObject: {fileID: 1056641170458396, guid: cccda4f9a2fcebb439bb060f63c0a1f2,
    type: 2}
  m_PrefabInternal: {fileID: 2010114538}
--- !u!114 &1351631173 stripped
MonoBehaviour:
  m_CorrespondingSourceObject: {fileID: 114284371839975984, guid: cccda4f9a2fcebb439bb060f63c0a1f2,
    type: 2}
  m_PrefabInternal: {fileID: 2010114538}
  m_Script: {fileID: 708705254, guid: f70555f144d8491a825f0804e09c671c, type: 3}
--- !u!1001 &1362214450
Prefab:
  m_ObjectHideFlags: 0
  serializedVersion: 2
  m_Modification:
    m_TransformParent: {fileID: 0}
    m_Modifications:
    - target: {fileID: 114840131594327212, guid: d77754b03cb0cb44ebf11e53c7782d16,
        type: 2}
      propertyPath: Rounds.Array.size
      value: 4
      objectReference: {fileID: 0}
    - target: {fileID: 4275230538689878, guid: d77754b03cb0cb44ebf11e53c7782d16, type: 2}
      propertyPath: m_LocalPosition.x
      value: 956.35254
      objectReference: {fileID: 0}
    - target: {fileID: 4275230538689878, guid: d77754b03cb0cb44ebf11e53c7782d16, type: 2}
      propertyPath: m_LocalPosition.y
      value: 627.7685
      objectReference: {fileID: 0}
    - target: {fileID: 4275230538689878, guid: d77754b03cb0cb44ebf11e53c7782d16, type: 2}
      propertyPath: m_LocalPosition.z
      value: -9.25
      objectReference: {fileID: 0}
    - target: {fileID: 4275230538689878, guid: d77754b03cb0cb44ebf11e53c7782d16, type: 2}
      propertyPath: m_LocalRotation.x
      value: 0
      objectReference: {fileID: 0}
    - target: {fileID: 4275230538689878, guid: d77754b03cb0cb44ebf11e53c7782d16, type: 2}
      propertyPath: m_LocalRotation.y
      value: 0
      objectReference: {fileID: 0}
    - target: {fileID: 4275230538689878, guid: d77754b03cb0cb44ebf11e53c7782d16, type: 2}
      propertyPath: m_LocalRotation.z
      value: 0
      objectReference: {fileID: 0}
    - target: {fileID: 4275230538689878, guid: d77754b03cb0cb44ebf11e53c7782d16, type: 2}
      propertyPath: m_LocalRotation.w
      value: 1
      objectReference: {fileID: 0}
    - target: {fileID: 4275230538689878, guid: d77754b03cb0cb44ebf11e53c7782d16, type: 2}
      propertyPath: m_RootOrder
      value: 3
      objectReference: {fileID: 0}
    - target: {fileID: 114840131594327212, guid: d77754b03cb0cb44ebf11e53c7782d16,
        type: 2}
      propertyPath: WordDescription
      value: 
      objectReference: {fileID: 1351631173}
    - target: {fileID: 114840131594327212, guid: d77754b03cb0cb44ebf11e53c7782d16,
        type: 2}
      propertyPath: WordPositions.Array.data[0]
      value: 
      objectReference: {fileID: 1691296724}
    - target: {fileID: 114840131594327212, guid: d77754b03cb0cb44ebf11e53c7782d16,
        type: 2}
      propertyPath: WordPositions.Array.data[1]
      value: 
      objectReference: {fileID: 1592906948}
    - target: {fileID: 114840131594327212, guid: d77754b03cb0cb44ebf11e53c7782d16,
        type: 2}
      propertyPath: WordPositions.Array.data[2]
      value: 
      objectReference: {fileID: 1667725048}
    - target: {fileID: 114840131594327212, guid: d77754b03cb0cb44ebf11e53c7782d16,
        type: 2}
      propertyPath: WordPositions.Array.data[3]
      value: 
      objectReference: {fileID: 797146384}
    - target: {fileID: 114840131594327212, guid: d77754b03cb0cb44ebf11e53c7782d16,
        type: 2}
      propertyPath: Player1Score
      value: 
      objectReference: {fileID: 792634031}
    - target: {fileID: 114840131594327212, guid: d77754b03cb0cb44ebf11e53c7782d16,
        type: 2}
      propertyPath: Player2Score
      value: 
      objectReference: {fileID: 949538987}
    - target: {fileID: 114840131594327212, guid: d77754b03cb0cb44ebf11e53c7782d16,
        type: 2}
      propertyPath: QuestionCounter
      value: 
      objectReference: {fileID: 230596478}
    - target: {fileID: 114840131594327212, guid: d77754b03cb0cb44ebf11e53c7782d16,
        type: 2}
      propertyPath: Rounds.Array.data[0].RoundFocusCategory
      value: 0
      objectReference: {fileID: 0}
    - target: {fileID: 114840131594327212, guid: d77754b03cb0cb44ebf11e53c7782d16,
        type: 2}
      propertyPath: Rounds.Array.data[1].RoundName
      value: Random Category
      objectReference: {fileID: 0}
    - target: {fileID: 114840131594327212, guid: d77754b03cb0cb44ebf11e53c7782d16,
        type: 2}
      propertyPath: Rounds.Array.data[1].RandomiseCategory
      value: 1
      objectReference: {fileID: 0}
    - target: {fileID: 114840131594327212, guid: d77754b03cb0cb44ebf11e53c7782d16,
        type: 2}
      propertyPath: Rounds.Array.data[1].ChooseCategory
      value: 0
      objectReference: {fileID: 0}
    - target: {fileID: 114840131594327212, guid: d77754b03cb0cb44ebf11e53c7782d16,
        type: 2}
      propertyPath: Rounds.Array.data[2].RoundName
      value: Choose Category
      objectReference: {fileID: 0}
    - target: {fileID: 114840131594327212, guid: d77754b03cb0cb44ebf11e53c7782d16,
        type: 2}
      propertyPath: Rounds.Array.data[2].ChooseCategory
      value: 1
      objectReference: {fileID: 0}
    - target: {fileID: 114840131594327212, guid: d77754b03cb0cb44ebf11e53c7782d16,
        type: 2}
      propertyPath: Rounds.Array.data[3].RoundName
      value: Choose Category
      objectReference: {fileID: 0}
    - target: {fileID: 114840131594327212, guid: d77754b03cb0cb44ebf11e53c7782d16,
        type: 2}
      propertyPath: Rounds.Array.data[3].WordsPerRound
      value: 5
      objectReference: {fileID: 0}
    - target: {fileID: 114840131594327212, guid: d77754b03cb0cb44ebf11e53c7782d16,
        type: 2}
      propertyPath: Rounds.Array.data[3].PointsModifier
      value: 5
      objectReference: {fileID: 0}
    - target: {fileID: 114840131594327212, guid: d77754b03cb0cb44ebf11e53c7782d16,
        type: 2}
      propertyPath: Rounds.Array.data[3].ChooseCategory
      value: 1
      objectReference: {fileID: 0}
    - target: {fileID: 114840131594327212, guid: d77754b03cb0cb44ebf11e53c7782d16,
        type: 2}
      propertyPath: Rounds.Array.data[3].RoundFocusCategory
      value: 5
      objectReference: {fileID: 0}
    - target: {fileID: 114840131594327212, guid: d77754b03cb0cb44ebf11e53c7782d16,
        type: 2}
      propertyPath: Rounds.Array.data[1].WordsPerRound
      value: 3
      objectReference: {fileID: 0}
    - target: {fileID: 114840131594327212, guid: d77754b03cb0cb44ebf11e53c7782d16,
        type: 2}
      propertyPath: Rounds.Array.data[0].WordsPerRound
      value: 5
      objectReference: {fileID: 0}
    m_RemovedComponents: []
  m_SourcePrefab: {fileID: 100100000, guid: d77754b03cb0cb44ebf11e53c7782d16, type: 2}
  m_IsPrefabAsset: 0
--- !u!114 &1469606119 stripped
MonoBehaviour:
  m_CorrespondingSourceObject: {fileID: 114280377208775210, guid: cccda4f9a2fcebb439bb060f63c0a1f2,
    type: 2}
  m_PrefabInternal: {fileID: 2010114538}
  m_Script: {fileID: 708705254, guid: f70555f144d8491a825f0804e09c671c, type: 3}
--- !u!1 &1478479717
GameObject:
  m_ObjectHideFlags: 0
  m_CorrespondingSourceObject: {fileID: 0}
  m_PrefabInternal: {fileID: 0}
  serializedVersion: 6
  m_Component:
  - component: {fileID: 1478479720}
  - component: {fileID: 1478479719}
  - component: {fileID: 1478479718}
  m_Layer: 0
  m_Name: EventSystem
  m_TagString: Untagged
  m_Icon: {fileID: 0}
  m_NavMeshLayer: 0
  m_StaticEditorFlags: 0
  m_IsActive: 1
--- !u!114 &1478479718
MonoBehaviour:
  m_ObjectHideFlags: 0
  m_CorrespondingSourceObject: {fileID: 0}
  m_PrefabInternal: {fileID: 0}
  m_GameObject: {fileID: 1478479717}
  m_Enabled: 1
  m_EditorHideFlags: 0
  m_Script: {fileID: 1077351063, guid: f70555f144d8491a825f0804e09c671c, type: 3}
  m_Name: 
  m_EditorClassIdentifier: 
  m_HorizontalAxis: Horizontal
  m_VerticalAxis: Vertical
  m_SubmitButton: Submit
  m_CancelButton: Cancel
  m_InputActionsPerSecond: 10
  m_RepeatDelay: 0.5
  m_ForceModuleActive: 0
--- !u!114 &1478479719
MonoBehaviour:
  m_ObjectHideFlags: 0
  m_CorrespondingSourceObject: {fileID: 0}
  m_PrefabInternal: {fileID: 0}
  m_GameObject: {fileID: 1478479717}
  m_Enabled: 1
  m_EditorHideFlags: 0
  m_Script: {fileID: -619905303, guid: f70555f144d8491a825f0804e09c671c, type: 3}
  m_Name: 
  m_EditorClassIdentifier: 
  m_FirstSelected: {fileID: 0}
  m_sendNavigationEvents: 1
  m_DragThreshold: 10
--- !u!4 &1478479720
Transform:
  m_ObjectHideFlags: 0
  m_CorrespondingSourceObject: {fileID: 0}
  m_PrefabInternal: {fileID: 0}
  m_GameObject: {fileID: 1478479717}
  m_LocalRotation: {x: 0, y: 0, z: 0, w: 1}
  m_LocalPosition: {x: 0, y: 0, z: 0}
  m_LocalScale: {x: 1, y: 1, z: 1}
  m_Children: []
  m_Father: {fileID: 0}
  m_RootOrder: 2
  m_LocalEulerAnglesHint: {x: 0, y: 0, z: 0}
--- !u!114 &1592906948 stripped
MonoBehaviour:
  m_CorrespondingSourceObject: {fileID: 114584675289264864, guid: cccda4f9a2fcebb439bb060f63c0a1f2,
    type: 2}
  m_PrefabInternal: {fileID: 2010114538}
  m_Script: {fileID: 708705254, guid: f70555f144d8491a825f0804e09c671c, type: 3}
--- !u!114 &1667725048 stripped
MonoBehaviour:
  m_CorrespondingSourceObject: {fileID: 114357462380993460, guid: cccda4f9a2fcebb439bb060f63c0a1f2,
    type: 2}
  m_PrefabInternal: {fileID: 2010114538}
  m_Script: {fileID: 708705254, guid: f70555f144d8491a825f0804e09c671c, type: 3}
--- !u!114 &1691296724 stripped
MonoBehaviour:
  m_CorrespondingSourceObject: {fileID: 114358159553475060, guid: cccda4f9a2fcebb439bb060f63c0a1f2,
    type: 2}
  m_PrefabInternal: {fileID: 2010114538}
  m_Script: {fileID: 708705254, guid: f70555f144d8491a825f0804e09c671c, type: 3}
--- !u!1001 &2010114538
Prefab:
  m_ObjectHideFlags: 0
  serializedVersion: 2
  m_Modification:
    m_TransformParent: {fileID: 0}
    m_Modifications:
    - target: {fileID: 224928981735369476, guid: cccda4f9a2fcebb439bb060f63c0a1f2,
        type: 2}
      propertyPath: m_LocalPosition.x
      value: 0
      objectReference: {fileID: 0}
    - target: {fileID: 224928981735369476, guid: cccda4f9a2fcebb439bb060f63c0a1f2,
        type: 2}
      propertyPath: m_LocalPosition.y
      value: 0
      objectReference: {fileID: 0}
    - target: {fileID: 224928981735369476, guid: cccda4f9a2fcebb439bb060f63c0a1f2,
        type: 2}
      propertyPath: m_LocalPosition.z
      value: 0
      objectReference: {fileID: 0}
    - target: {fileID: 224928981735369476, guid: cccda4f9a2fcebb439bb060f63c0a1f2,
        type: 2}
      propertyPath: m_LocalRotation.x
      value: 0
      objectReference: {fileID: 0}
    - target: {fileID: 224928981735369476, guid: cccda4f9a2fcebb439bb060f63c0a1f2,
        type: 2}
      propertyPath: m_LocalRotation.y
      value: 0
      objectReference: {fileID: 0}
    - target: {fileID: 224928981735369476, guid: cccda4f9a2fcebb439bb060f63c0a1f2,
        type: 2}
      propertyPath: m_LocalRotation.z
      value: 0
      objectReference: {fileID: 0}
    - target: {fileID: 224928981735369476, guid: cccda4f9a2fcebb439bb060f63c0a1f2,
        type: 2}
      propertyPath: m_LocalRotation.w
      value: 1
      objectReference: {fileID: 0}
    - target: {fileID: 224928981735369476, guid: cccda4f9a2fcebb439bb060f63c0a1f2,
        type: 2}
      propertyPath: m_RootOrder
      value: 1
      objectReference: {fileID: 0}
    - target: {fileID: 224928981735369476, guid: cccda4f9a2fcebb439bb060f63c0a1f2,
        type: 2}
      propertyPath: m_AnchoredPosition.x
      value: 0
      objectReference: {fileID: 0}
    - target: {fileID: 224928981735369476, guid: cccda4f9a2fcebb439bb060f63c0a1f2,
        type: 2}
      propertyPath: m_AnchoredPosition.y
      value: 0
      objectReference: {fileID: 0}
    - target: {fileID: 224928981735369476, guid: cccda4f9a2fcebb439bb060f63c0a1f2,
        type: 2}
      propertyPath: m_SizeDelta.x
      value: 0
      objectReference: {fileID: 0}
    - target: {fileID: 224928981735369476, guid: cccda4f9a2fcebb439bb060f63c0a1f2,
        type: 2}
      propertyPath: m_SizeDelta.y
      value: 0
      objectReference: {fileID: 0}
    - target: {fileID: 224928981735369476, guid: cccda4f9a2fcebb439bb060f63c0a1f2,
        type: 2}
      propertyPath: m_AnchorMin.x
      value: 0
      objectReference: {fileID: 0}
    - target: {fileID: 224928981735369476, guid: cccda4f9a2fcebb439bb060f63c0a1f2,
        type: 2}
      propertyPath: m_AnchorMin.y
      value: 0
      objectReference: {fileID: 0}
    - target: {fileID: 224928981735369476, guid: cccda4f9a2fcebb439bb060f63c0a1f2,
        type: 2}
      propertyPath: m_AnchorMax.x
      value: 0
      objectReference: {fileID: 0}
    - target: {fileID: 224928981735369476, guid: cccda4f9a2fcebb439bb060f63c0a1f2,
        type: 2}
      propertyPath: m_AnchorMax.y
      value: 0
      objectReference: {fileID: 0}
    - target: {fileID: 224928981735369476, guid: cccda4f9a2fcebb439bb060f63c0a1f2,
        type: 2}
      propertyPath: m_Pivot.x
      value: 0
      objectReference: {fileID: 0}
    - target: {fileID: 224928981735369476, guid: cccda4f9a2fcebb439bb060f63c0a1f2,
        type: 2}
      propertyPath: m_Pivot.y
      value: 0
      objectReference: {fileID: 0}
    - target: {fileID: 223954140489999342, guid: cccda4f9a2fcebb439bb060f63c0a1f2,
        type: 2}
      propertyPath: m_Camera
      value: 
      objectReference: {fileID: 519420031}
    - target: {fileID: 114805851165573510, guid: cccda4f9a2fcebb439bb060f63c0a1f2,
        type: 2}
      propertyPath: Target
      value: 
      objectReference: {fileID: 86750778}
    - target: {fileID: 224283790077300860, guid: cccda4f9a2fcebb439bb060f63c0a1f2,
        type: 2}
      propertyPath: m_AnchorMin.x
      value: 0
      objectReference: {fileID: 0}
    - target: {fileID: 224283790077300860, guid: cccda4f9a2fcebb439bb060f63c0a1f2,
        type: 2}
      propertyPath: m_AnchorMin.y
      value: 1
      objectReference: {fileID: 0}
    - target: {fileID: 224283790077300860, guid: cccda4f9a2fcebb439bb060f63c0a1f2,
        type: 2}
      propertyPath: m_AnchorMax.x
      value: 0
      objectReference: {fileID: 0}
    - target: {fileID: 224283790077300860, guid: cccda4f9a2fcebb439bb060f63c0a1f2,
        type: 2}
      propertyPath: m_AnchorMax.y
      value: 1
      objectReference: {fileID: 0}
    - target: {fileID: 224283790077300860, guid: cccda4f9a2fcebb439bb060f63c0a1f2,
        type: 2}
      propertyPath: m_AnchoredPosition.x
      value: 0
      objectReference: {fileID: 0}
    - target: {fileID: 224283790077300860, guid: cccda4f9a2fcebb439bb060f63c0a1f2,
        type: 2}
      propertyPath: m_AnchoredPosition.y
      value: 0
      objectReference: {fileID: 0}
    - target: {fileID: 224354333325536760, guid: cccda4f9a2fcebb439bb060f63c0a1f2,
        type: 2}
      propertyPath: m_AnchorMin.x
      value: 0
      objectReference: {fileID: 0}
    - target: {fileID: 224354333325536760, guid: cccda4f9a2fcebb439bb060f63c0a1f2,
        type: 2}
      propertyPath: m_AnchorMin.y
      value: 1
      objectReference: {fileID: 0}
    - target: {fileID: 224354333325536760, guid: cccda4f9a2fcebb439bb060f63c0a1f2,
        type: 2}
      propertyPath: m_AnchorMax.x
      value: 0
      objectReference: {fileID: 0}
    - target: {fileID: 224354333325536760, guid: cccda4f9a2fcebb439bb060f63c0a1f2,
        type: 2}
      propertyPath: m_AnchorMax.y
      value: 1
      objectReference: {fileID: 0}
    - target: {fileID: 224354333325536760, guid: cccda4f9a2fcebb439bb060f63c0a1f2,
        type: 2}
      propertyPath: m_AnchoredPosition.x
      value: 0
      objectReference: {fileID: 0}
    - target: {fileID: 224354333325536760, guid: cccda4f9a2fcebb439bb060f63c0a1f2,
        type: 2}
      propertyPath: m_AnchoredPosition.y
      value: -66
      objectReference: {fileID: 0}
    - target: {fileID: 224283790077300860, guid: cccda4f9a2fcebb439bb060f63c0a1f2,
        type: 2}
      propertyPath: m_Pivot.x
      value: 0
      objectReference: {fileID: 0}
    - target: {fileID: 224283790077300860, guid: cccda4f9a2fcebb439bb060f63c0a1f2,
        type: 2}
      propertyPath: m_Pivot.y
      value: 1
      objectReference: {fileID: 0}
    - target: {fileID: 224354333325536760, guid: cccda4f9a2fcebb439bb060f63c0a1f2,
        type: 2}
      propertyPath: m_Pivot.x
      value: 0
      objectReference: {fileID: 0}
    - target: {fileID: 224354333325536760, guid: cccda4f9a2fcebb439bb060f63c0a1f2,
        type: 2}
      propertyPath: m_Pivot.y
      value: 1
      objectReference: {fileID: 0}
    - target: {fileID: 224705649496987414, guid: cccda4f9a2fcebb439bb060f63c0a1f2,
        type: 2}
      propertyPath: m_AnchorMin.x
      value: 0
      objectReference: {fileID: 0}
    - target: {fileID: 224705649496987414, guid: cccda4f9a2fcebb439bb060f63c0a1f2,
        type: 2}
      propertyPath: m_AnchorMax.x
      value: 0
      objectReference: {fileID: 0}
    - target: {fileID: 224705649496987414, guid: cccda4f9a2fcebb439bb060f63c0a1f2,
        type: 2}
      propertyPath: m_AnchoredPosition.x
      value: 53
      objectReference: {fileID: 0}
    - target: {fileID: 224705649496987414, guid: cccda4f9a2fcebb439bb060f63c0a1f2,
        type: 2}
      propertyPath: m_SizeDelta.x
      value: 277.6
      objectReference: {fileID: 0}
    - target: {fileID: 224705649496987414, guid: cccda4f9a2fcebb439bb060f63c0a1f2,
        type: 2}
      propertyPath: m_Pivot.x
      value: 0
      objectReference: {fileID: 0}
    - target: {fileID: 224705649496987414, guid: cccda4f9a2fcebb439bb060f63c0a1f2,
        type: 2}
      propertyPath: m_AnchoredPosition.y
      value: -31
      objectReference: {fileID: 0}
    - target: {fileID: 224705649496987414, guid: cccda4f9a2fcebb439bb060f63c0a1f2,
        type: 2}
      propertyPath: m_SizeDelta.y
      value: 170.3
      objectReference: {fileID: 0}
    - target: {fileID: 224302757588804464, guid: cccda4f9a2fcebb439bb060f63c0a1f2,
        type: 2}
      propertyPath: m_AnchoredPosition.y
      value: 242
      objectReference: {fileID: 0}
    - target: {fileID: 224698290723189734, guid: cccda4f9a2fcebb439bb060f63c0a1f2,
        type: 2}
      propertyPath: m_AnchoredPosition.y
      value: -489
      objectReference: {fileID: 0}
    - target: {fileID: 224302757588804464, guid: cccda4f9a2fcebb439bb060f63c0a1f2,
        type: 2}
      propertyPath: m_AnchorMin.x
      value: 0.5
      objectReference: {fileID: 0}
    - target: {fileID: 224302757588804464, guid: cccda4f9a2fcebb439bb060f63c0a1f2,
        type: 2}
      propertyPath: m_AnchorMin.y
      value: 0.5
      objectReference: {fileID: 0}
    - target: {fileID: 224302757588804464, guid: cccda4f9a2fcebb439bb060f63c0a1f2,
        type: 2}
      propertyPath: m_AnchorMax.x
      value: 0.5
      objectReference: {fileID: 0}
    - target: {fileID: 224302757588804464, guid: cccda4f9a2fcebb439bb060f63c0a1f2,
        type: 2}
      propertyPath: m_AnchorMax.y
      value: 0.5
      objectReference: {fileID: 0}
    - target: {fileID: 224302757588804464, guid: cccda4f9a2fcebb439bb060f63c0a1f2,
        type: 2}
      propertyPath: m_AnchoredPosition.x
      value: 0.000030517578
      objectReference: {fileID: 0}
    - target: {fileID: 224302757588804464, guid: cccda4f9a2fcebb439bb060f63c0a1f2,
        type: 2}
      propertyPath: m_Pivot.x
      value: 0.5
      objectReference: {fileID: 0}
    - target: {fileID: 224302757588804464, guid: cccda4f9a2fcebb439bb060f63c0a1f2,
        type: 2}
      propertyPath: m_Pivot.y
      value: 0.5
      objectReference: {fileID: 0}
    - target: {fileID: 114358159553475060, guid: cccda4f9a2fcebb439bb060f63c0a1f2,
        type: 2}
      propertyPath: m_Color.r
      value: 0.13333334
      objectReference: {fileID: 0}
    - target: {fileID: 114358159553475060, guid: cccda4f9a2fcebb439bb060f63c0a1f2,
        type: 2}
      propertyPath: m_Color.g
      value: 0
      objectReference: {fileID: 0}
    - target: {fileID: 114358159553475060, guid: cccda4f9a2fcebb439bb060f63c0a1f2,
        type: 2}
      propertyPath: m_Color.b
      value: 0
      objectReference: {fileID: 0}
    - target: {fileID: 114354903105646544, guid: cccda4f9a2fcebb439bb060f63c0a1f2,
        type: 2}
      propertyPath: m_Color.r
      value: 0.13333334
      objectReference: {fileID: 0}
    - target: {fileID: 114354903105646544, guid: cccda4f9a2fcebb439bb060f63c0a1f2,
        type: 2}
      propertyPath: m_Color.g
      value: 0
      objectReference: {fileID: 0}
    - target: {fileID: 114354903105646544, guid: cccda4f9a2fcebb439bb060f63c0a1f2,
        type: 2}
      propertyPath: m_Color.b
      value: 0
      objectReference: {fileID: 0}
    - target: {fileID: 114584675289264864, guid: cccda4f9a2fcebb439bb060f63c0a1f2,
        type: 2}
      propertyPath: m_Color.r
      value: 0.13333334
      objectReference: {fileID: 0}
    - target: {fileID: 114584675289264864, guid: cccda4f9a2fcebb439bb060f63c0a1f2,
        type: 2}
      propertyPath: m_Color.g
      value: 0
      objectReference: {fileID: 0}
    - target: {fileID: 114584675289264864, guid: cccda4f9a2fcebb439bb060f63c0a1f2,
        type: 2}
      propertyPath: m_Color.b
      value: 0
      objectReference: {fileID: 0}
    - target: {fileID: 114357462380993460, guid: cccda4f9a2fcebb439bb060f63c0a1f2,
        type: 2}
      propertyPath: m_Color.r
      value: 0.13333334
      objectReference: {fileID: 0}
    - target: {fileID: 114357462380993460, guid: cccda4f9a2fcebb439bb060f63c0a1f2,
        type: 2}
      propertyPath: m_Color.g
      value: 0
      objectReference: {fileID: 0}
    - target: {fileID: 114357462380993460, guid: cccda4f9a2fcebb439bb060f63c0a1f2,
        type: 2}
      propertyPath: m_Color.b
      value: 0
      objectReference: {fileID: 0}
    - target: {fileID: 114529118202854884, guid: cccda4f9a2fcebb439bb060f63c0a1f2,
        type: 2}
      propertyPath: m_Color.r
      value: 0.06666667
      objectReference: {fileID: 0}
    - target: {fileID: 114529118202854884, guid: cccda4f9a2fcebb439bb060f63c0a1f2,
        type: 2}
      propertyPath: m_Color.g
      value: 0.33333334
      objectReference: {fileID: 0}
    - target: {fileID: 114529118202854884, guid: cccda4f9a2fcebb439bb060f63c0a1f2,
        type: 2}
      propertyPath: m_Color.b
      value: 0.93333334
      objectReference: {fileID: 0}
    - target: {fileID: 114187184967666504, guid: cccda4f9a2fcebb439bb060f63c0a1f2,
        type: 2}
      propertyPath: m_Color.r
      value: 0.06666667
      objectReference: {fileID: 0}
    - target: {fileID: 114187184967666504, guid: cccda4f9a2fcebb439bb060f63c0a1f2,
        type: 2}
      propertyPath: m_Color.g
      value: 0.33333334
      objectReference: {fileID: 0}
    - target: {fileID: 114187184967666504, guid: cccda4f9a2fcebb439bb060f63c0a1f2,
        type: 2}
      propertyPath: m_Color.b
      value: 0.93333334
      objectReference: {fileID: 0}
    - target: {fileID: 114284371839975984, guid: cccda4f9a2fcebb439bb060f63c0a1f2,
        type: 2}
      propertyPath: m_Color.r
      value: 0.13333334
      objectReference: {fileID: 0}
    - target: {fileID: 114284371839975984, guid: cccda4f9a2fcebb439bb060f63c0a1f2,
        type: 2}
      propertyPath: m_Color.g
      value: 0
      objectReference: {fileID: 0}
    - target: {fileID: 114284371839975984, guid: cccda4f9a2fcebb439bb060f63c0a1f2,
        type: 2}
      propertyPath: m_Color.b
      value: 0
      objectReference: {fileID: 0}
    - target: {fileID: 224519075686934690, guid: cccda4f9a2fcebb439bb060f63c0a1f2,
        type: 2}
      propertyPath: m_LocalScale.y
      value: 1.1558399
      objectReference: {fileID: 0}
    - target: {fileID: 114090653898241916, guid: cccda4f9a2fcebb439bb060f63c0a1f2,
        type: 2}
      propertyPath: m_Color.r
      value: 0.13333334
      objectReference: {fileID: 0}
    - target: {fileID: 114090653898241916, guid: cccda4f9a2fcebb439bb060f63c0a1f2,
        type: 2}
      propertyPath: m_Color.g
      value: 0
      objectReference: {fileID: 0}
    - target: {fileID: 114090653898241916, guid: cccda4f9a2fcebb439bb060f63c0a1f2,
        type: 2}
      propertyPath: m_Color.b
      value: 0
      objectReference: {fileID: 0}
    - target: {fileID: 114244802059682814, guid: cccda4f9a2fcebb439bb060f63c0a1f2,
        type: 2}
      propertyPath: m_Color.r
      value: 0.93333334
      objectReference: {fileID: 0}
    - target: {fileID: 114244802059682814, guid: cccda4f9a2fcebb439bb060f63c0a1f2,
        type: 2}
      propertyPath: m_Color.g
      value: 1
      objectReference: {fileID: 0}
    - target: {fileID: 114244802059682814, guid: cccda4f9a2fcebb439bb060f63c0a1f2,
        type: 2}
      propertyPath: m_Color.b
      value: 0
      objectReference: {fileID: 0}
    - target: {fileID: 114211168296551328, guid: cccda4f9a2fcebb439bb060f63c0a1f2,
        type: 2}
      propertyPath: StartColor.r
      value: 0.93333334
      objectReference: {fileID: 0}
    - target: {fileID: 114211168296551328, guid: cccda4f9a2fcebb439bb060f63c0a1f2,
        type: 2}
      propertyPath: StartColor.g
      value: 1
      objectReference: {fileID: 0}
    - target: {fileID: 114211168296551328, guid: cccda4f9a2fcebb439bb060f63c0a1f2,
        type: 2}
      propertyPath: StartColor.b
      value: 0
      objectReference: {fileID: 0}
    - target: {fileID: 114211168296551328, guid: cccda4f9a2fcebb439bb060f63c0a1f2,
        type: 2}
      propertyPath: EndColor.r
      value: 0.93333334
      objectReference: {fileID: 0}
    - target: {fileID: 114211168296551328, guid: cccda4f9a2fcebb439bb060f63c0a1f2,
        type: 2}
      propertyPath: EndColor.g
      value: 1
      objectReference: {fileID: 0}
    - target: {fileID: 114038413971549836, guid: cccda4f9a2fcebb439bb060f63c0a1f2,
        type: 2}
      propertyPath: m_Color.r
      value: 0.13333334
      objectReference: {fileID: 0}
    - target: {fileID: 114038413971549836, guid: cccda4f9a2fcebb439bb060f63c0a1f2,
        type: 2}
      propertyPath: m_Color.g
      value: 0
      objectReference: {fileID: 0}
    - target: {fileID: 114038413971549836, guid: cccda4f9a2fcebb439bb060f63c0a1f2,
        type: 2}
      propertyPath: m_Color.b
      value: 0
      objectReference: {fileID: 0}
    m_RemovedComponents: []
  m_SourcePrefab: {fileID: 100100000, guid: cccda4f9a2fcebb439bb060f63c0a1f2, type: 2}
  m_IsPrefabAsset: 0
